@misc{BTS2008,
  title        = {Airline On-Time Performance Data},
  author       = {{Bureau of Transportation Statistics}},
  year         = {2008},
  howpublished = {\url{https://www.transtats.bts.gov/}},
  note         = {Accessed: 2025-01-29}
}

@misc{ApacheSpark,
  title        = {Apache Spark},
  author       = {{Apache Software Foundation}},
  year         = {2025},
  howpublished = {\url{https://spark.apache.org}},
  note         = {Accessed: 2025-01-29}
}

@misc{SparkMLlib,
  title        = {MLlib: Machine Learning in Apache Spark},
  author       = {{Apache Software Foundation}},
  year         = {2025},
  howpublished = {\url{https://spark.apache.org/mllib/}},
  note         = {Accessed: 2025-01-29}
}
@book{LR,
  author    = {Douglas C. Montgomery and Elizabeth A. Peck and G. Geoffrey Vining},
  title     = {Introduction to Linear Regression Analysis},
  year      = {2021},
  edition   = {6th},
  publisher = {Wiley},
  isbn      = {978-1119578722}
}
@misc{spark2024ml,
  title        = {Machine Learning Library (MLlib) Guide},
  author       = {{Apache Spark}},
  year         = {2024},
  url          = {https://spark.apache.org/docs/latest/ml-guide.html},
  note         = {Accessed: 2024-01-29},
  organization = {Apache Software Foundation}
}
@misc{BTS2011,
  author       = {{Bureau of Transportation Statistics}},
  title        = {{Long-Distance Travel Patterns of Americans}},
  year         = {2011},
  howpublished = {\url{https://www.bts.gov/archive/publications/america_on_the_go/long_distance_transportation_patterns_of_americans}},
  note         = {Accessed: 2024-12-06}
}